<record><leader>00000cas a2200000 a 4500</leader><controlfield tag="001">31875181</controlfield><controlfield tag="007">hd bfu---baat</controlfield><controlfield tag="007">hd afu---bact</controlfield><controlfield tag="008">950124d18811896nbuwr nea     0    0eng c</controlfield><datafield ind1=" " ind2=" " tag="010"><subfield code="a">sn 95069086 </subfield></datafield><datafield ind1=" " ind2=" " tag="040"><subfield code="a">NVG</subfield><subfield code="b">eng</subfield><subfield code="c">NVG</subfield><subfield code="d">OCLCQ</subfield><subfield code="d">OCLCF</subfield><subfield code="d">OCLCO</subfield></datafield><datafield ind1="1" ind2=" " tag="029"><subfield code="a">AU@</subfield><subfield code="b">000011526965</subfield></datafield><datafield ind1=" " ind2=" " tag="042"><subfield code="a">pcc</subfield></datafield><datafield ind1=" " ind2=" " tag="043"><subfield code="a">n-us-nb</subfield></datafield><datafield ind1="0" ind2="0" tag="245"><subfield code="a">Rep. Valley echo</subfield><subfield code="h">[microform].</subfield></datafield><datafield ind1="1" ind2="3" tag="246"><subfield code="a">Bloomington echo-argus</subfield></datafield><datafield ind1="1" ind2="3" tag="246"><subfield code="a">Echo-argus</subfield></datafield><datafield ind1="1" ind2=" " tag="246"><subfield code="i">Published as:</subfield><subfield code="a">Republican Valley echo,</subfield><subfield code="f">&lt;Apr. 17, 1884&gt;-Dec. 25, 1896</subfield></datafield><datafield ind1=" " ind2=" " tag="260"><subfield code="a">Franklin, Neb. :</subfield><subfield code="b">Zediker &amp; Robertson,</subfield><subfield code="c">1881-1896.</subfield></datafield><datafield ind1=" " ind2=" " tag="300"><subfield code="a">15 v.</subfield></datafield><datafield ind1=" " ind2=" " tag="310"><subfield code="a">Weekly</subfield></datafield><datafield ind1="0" ind2=" " tag="362"><subfield code="a">Vol. 1, no. 1 (Sept. 1, 1881)-v. 15, no. 17 (Dec. 25, 1896).</subfield></datafield><datafield ind1=" " ind2=" " tag="500"><subfield code="a">Published in Bloomington, Apr. 27, 1888-Dec. 25, 1896.</subfield></datafield><datafield ind1=" " ind2=" " tag="580"><subfield code="a">Absorbed: Riverton eagle, 1881; and: Bloomington argus.</subfield></datafield><datafield ind1=" " ind2=" " tag="533"><subfield code="a">Microfilm.</subfield><subfield code="m">1881-1896:[Gaps]</subfield><subfield code="b">Lincoln, Neb. :</subfield><subfield code="c">Nebraska State Historical Society.</subfield><subfield code="e">4 microfilm reels ; 35 mm.</subfield></datafield><datafield ind1=" " ind2="0" tag="651"><subfield code="a">Franklin County (Neb.)</subfield><subfield code="v">Newspapers.</subfield></datafield><datafield ind1=" " ind2="7" tag="655"><subfield code="a">Newspapers.</subfield><subfield code="2">fast</subfield><subfield code="0">(OCoLC)fst01423814</subfield></datafield><datafield ind1=" " ind2="7" tag="651"><subfield code="a">Nebraska</subfield><subfield code="z">Franklin County.</subfield><subfield code="2">fast</subfield><subfield code="0">(OCoLC)fst01212883</subfield></datafield><datafield ind1=" " ind2=" " tag="752"><subfield code="a">United States</subfield><subfield code="b">Nebraska</subfield><subfield code="c">Franklin</subfield><subfield code="d">Bloomington.</subfield></datafield><datafield ind1=" " ind2=" " tag="752"><subfield code="a">United States</subfield><subfield code="b">Nebraska</subfield><subfield code="c">Franklin</subfield><subfield code="d">Franklin.</subfield></datafield><datafield ind1="1" ind2="5" tag="780"><subfield code="t">Riverton eagle</subfield><subfield code="w">(DLC)sn 95069094</subfield></datafield><datafield ind1="1" ind2="5" tag="780"><subfield code="t">Bloomington argus</subfield><subfield code="w">(DLC)sn 95069095</subfield></datafield><datafield ind1="0" ind2="0" tag="785"><subfield code="t">Bloomington echo</subfield><subfield code="w">(DLC)sn 95069087</subfield></datafield></record>